<record><leader>00000cas a22000007a 4500</leader><controlfield tag="001">12114412</controlfield><controlfield tag="008">850604d187119uunyuwr ne      0    0eng d</controlfield><datafield ind1=" " ind2=" " tag="010"><subfield code="a">sn 85026235 </subfield></datafield><datafield ind1=" " ind2=" " tag="040"><subfield code="a">NPX</subfield><subfield code="b">eng</subfield><subfield code="c">NPX</subfield><subfield code="d">NYS</subfield><subfield code="d">OCLCQ</subfield></datafield><datafield ind1=" " ind2=" " tag="042"><subfield code="a">msc</subfield></datafield><datafield ind1="0" ind2=" " tag="130"><subfield code="a">Cherry Valley gazette (Cherry Valley, N.Y. : 1871)</subfield></datafield><datafield ind1="1" ind2="4" tag="245"><subfield code="a">The Cherry Valley gazette.</subfield></datafield><datafield ind1=" " ind2=" " tag="260"><subfield code="a">Cherry Valley, N.Y. :</subfield><subfield code="b">Wm. A. Smith</subfield></datafield><datafield ind1=" " ind2=" " tag="300"><subfield code="a">v.</subfield></datafield><datafield ind1=" " ind2=" " tag="310"><subfield code="a">Weekly</subfield></datafield><datafield ind1="1" ind2=" " tag="362"><subfield code="a">Began in 1871?</subfield></datafield><datafield ind1=" " ind2=" " tag="500"><subfield code="a">Publishers: William A. Smith, &lt;May 4, 1872&gt;; Smith &amp; Sawyer, &lt;1872-1873&gt;; John L. Sawyer, &lt;1876&gt;.</subfield></datafield><datafield ind1=" " ind2=" " tag="500"><subfield code="a">Editor: John L. Sawyer, &lt;1876-1908&gt;.</subfield></datafield><datafield ind1=" " ind2=" " tag="588"><subfield code="a">Description based on: Vol. 2, no. 1 (May 4, 1872).</subfield></datafield><datafield ind1=" " ind2="4" tag="651"><subfield code="a">Cherry Valley (N.Y.)</subfield><subfield code="v">Newspapers.</subfield></datafield><datafield ind1=" " ind2=" " tag="752"><subfield code="a">United States</subfield><subfield code="b">New York</subfield><subfield code="c">Otsego</subfield><subfield code="d">Cherry Valley.</subfield></datafield><datafield ind1="0" ind2="0" tag="785"><subfield code="t">Gazette (Cherry Valley, N.Y.)</subfield><subfield code="w">(DLC)sn 91066369</subfield></datafield><datafield ind1="1" ind2=" " tag="029"><subfield code="a">AU@</subfield><subfield code="b">000020377884</subfield></datafield></record>